<record xmlns='http://www.loc.gov/MARC21/slim'><leader>02111cgm a2200469 a 4500</leader><controlfield tag='001'>2657275</controlfield><controlfield tag='005'>20150601123111.0</controlfield><controlfield tag='007'>vf|cbahou</controlfield><controlfield tag='008'>941107s1983    xx 238 e          vleng d</controlfield><datafield ind1=' ' ind2=' ' tag='035'><subfield code='a'>(NIC)notisAND7785</subfield></datafield><datafield ind1=' ' ind2=' ' tag='035'><subfield code='a'>(OCoLC)63876506</subfield></datafield><datafield ind1=' ' ind2=' ' tag='035'><subfield code='a'>2657275</subfield></datafield><datafield ind1=' ' ind2=' ' tag='040'><subfield code='a'>NIC</subfield><subfield code='c'>NIC</subfield></datafield><datafield ind1=' ' ind2=' ' tag='043'><subfield code='a'>n-us---</subfield></datafield><datafield ind1='0' ind2='4' tag='245'><subfield code='a'>The sixth annual State of Black America Conference</subfield><subfield code='h'>[videorecording] /</subfield><subfield code='c'>[Cornell University, Africana Studies and Research Center].</subfield></datafield><datafield ind1=' ' ind2=' ' tag='260'><subfield code='c'>[1983]</subfield></datafield><datafield ind1=' ' ind2=' ' tag='300'><subfield code='a'>2 videocassettes :</subfield><subfield code='b'>sd., col. ;</subfield><subfield code='c'>1/2 in.</subfield></datafield><datafield ind1=' ' ind2=' ' tag='538'><subfield code='a'>VHS.</subfield></datafield><datafield ind1=' ' ind2=' ' tag='500'><subfield code='a'>Title from videocassette label.</subfield></datafield><datafield ind1='0' ind2=' ' tag='511'><subfield code='a'>Speakers: Kwame Ture, Imari A. Obadele, Louis Farrakhan.</subfield></datafield><datafield ind1=' ' ind2=' ' tag='518'><subfield code='a'>Videotaped live at Cornell University in April 1983.</subfield></datafield><datafield ind1=' ' ind2=' ' tag='520'><subfield code='a'>Presentations deal with oppression, class struggles, the Black independence movement, and self-determination for Afro-Americans.</subfield></datafield><datafield ind1=' ' ind2=' ' tag='500'><subfield code='a'>&quot;179a-179b.&quot;</subfield></datafield><datafield ind1='0' ind2=' ' tag='505'><subfield code='a'>The struggle of the oppressed / Kwame Ture -- Foundations of the Black nation / Imari A. Obadele -- Integration vs. self-determination / Louis Farrakhan.</subfield></datafield><datafield ind1=' ' ind2='0' tag='650'><subfield code='a'>African Americans</subfield><subfield code='x'>Economic conditions</subfield><subfield code='x'>Congresses.</subfield></datafield><datafield ind1=' ' ind2='0' tag='650'><subfield code='a'>African Americans</subfield><subfield code='x'>Social conditions</subfield><subfield code='x'>Congresses.</subfield></datafield><datafield ind1=' ' ind2='0' tag='650'><subfield code='a'>Racism</subfield><subfield code='z'>United States</subfield><subfield code='x'>Congresses.</subfield></datafield><datafield ind1=' ' ind2='0' tag='650'><subfield code='a'>Black nationalism</subfield><subfield code='z'>United States</subfield><subfield code='x'>Congresses.</subfield></datafield><datafield ind1=' ' ind2='7' tag='650'><subfield code='a'>African Americans</subfield><subfield code='x'>Economic conditions</subfield><subfield code='2'>fast</subfield><subfield code='0'>(OCoLC)fst00799599</subfield></datafield><datafield ind1=' ' ind2='7' tag='650'><subfield code='a'>African Americans</subfield><subfield code='x'>Social conditions</subfield><subfield code='2'>fast</subfield><subfield code='0'>(OCoLC)fst00799698</subfield></datafield><datafield ind1=' ' ind2='7' tag='650'><subfield code='a'>Black nationalism</subfield><subfield code='2'>fast</subfield><subfield code='0'>(OCoLC)fst00833733</subfield></datafield><datafield ind1=' ' ind2='7' tag='650'><subfield code='a'>Racism</subfield><subfield code='2'>fast</subfield><subfield code='0'>(OCoLC)fst01086616</subfield></datafield><datafield ind1=' ' ind2='7' tag='651'><subfield code='a'>United States</subfield><subfield code='2'>fast</subfield><subfield code='0'>(OCoLC)fst01204155</subfield></datafield><datafield ind1=' ' ind2='7' tag='655'><subfield code='a'>Conference proceedings</subfield><subfield code='2'>fast</subfield><subfield code='0'>(OCoLC)fst01423772</subfield></datafield><datafield ind1='1' ind2=' ' tag='700'><subfield code='a'>Carmichael, Stokely,</subfield><subfield code='d'>1941-1998.</subfield></datafield><datafield ind1='1' ind2=' ' tag='700'><subfield code='a'>Obadele, Imari Abubakari.</subfield></datafield><datafield ind1='1' ind2=' ' tag='700'><subfield code='a'>Farrakhan, Louis.</subfield></datafield><datafield ind1='2' ind2=' ' tag='710'><subfield code='a'>Cornell University.</subfield><subfield code='b'>Africana Studies and Research Center.</subfield></datafield><datafield ind1='2' ind2=' ' tag='711'><subfield code='a'>State of Black America Conference</subfield><subfield code='d'>(1983 :</subfield><subfield code='c'>Cornell University)</subfield></datafield><datafield ind1=' ' ind2=' ' tag='905'><subfield code='a'>19950510120000.0</subfield></datafield><datafield ind1='2' ind2=' ' tag='948'><subfield code='a'>20040623</subfield><subfield code='b'>a</subfield><subfield code='d'>pl233</subfield><subfield code='e'>lts</subfield></datafield><datafield ind1='2' ind2=' ' tag='948'><subfield code='a'>20141208</subfield><subfield code='b'>m</subfield><subfield code='d'>batch</subfield><subfield code='e'>lts</subfield><subfield code='x'>addfast</subfield></datafield></record>